%YAML 1.1
%TAG !u! tag:unity3d.com,2011:
--- !u!95 &3836049659974346317
Animator:
  serializedVersion: 3
  m_ObjectHideFlags: 0
  m_CorrespondingSourceObject: {fileID: 0}
  m_PrefabInstance: {fileID: 0}
  m_PrefabAsset: {fileID: 0}
  m_GameObject: {fileID: 5052352417507578065}
  m_Enabled: 1
  m_Avatar: {fileID: 0}
  m_Controller: {fileID: 9100000, guid: d7b98ba39564acd43b7511c63e20d01d, type: 2}
  m_CullingMode: 0
  m_UpdateMode: 0
  m_ApplyRootMotion: 0
  m_LinearVelocityBlending: 0
  m_WarningMessage: 
  m_HasTransformHierarchy: 1
  m_AllowConstantClipSamplingOptimization: 1
  m_KeepAnimatorControllerStateOnDisable: 0
--- !u!1 &5703729200776388045
GameObject:
  m_ObjectHideFlags: 0
  m_CorrespondingSourceObject: {fileID: 0}
  m_PrefabInstance: {fileID: 0}
  m_PrefabAsset: {fileID: 0}
  serializedVersion: 6
  m_Component:
  - component: {fileID: 653205761936723259}
  - component: {fileID: 344428825581984787}
  - component: {fileID: 1122752790500317052}
  - component: {fileID: 7853272338048132836}
  m_Layer: 0
  m_Name: Swat
  m_TagString: Untagged
  m_Icon: {fileID: 0}
  m_NavMeshLayer: 0
  m_StaticEditorFlags: 0
  m_IsActive: 1
--- !u!4 &653205761936723259
Transform:
  m_ObjectHideFlags: 0
  m_CorrespondingSourceObject: {fileID: 0}
  m_PrefabInstance: {fileID: 0}
  m_PrefabAsset: {fileID: 0}
  m_GameObject: {fileID: 5703729200776388045}
  m_LocalRotation: {x: -0.7071068, y: 0, z: 0, w: 0.7071068}
  m_LocalPosition: {x: 11.48, y: 4.335, z: 56.053}
  m_LocalScale: {x: 1, y: 1, z: 1}
  m_Children:
  - {fileID: 5414192933714950607}
  - {fileID: 5695840916631164443}
  - {fileID: 9133956247511298708}
  m_Father: {fileID: 0}
  m_RootOrder: 0
  m_LocalEulerAnglesHint: {x: -90, y: 0, z: 0}
--- !u!114 &344428825581984787
MonoBehaviour:
  m_ObjectHideFlags: 0
  m_CorrespondingSourceObject: {fileID: 0}
  m_PrefabInstance: {fileID: 0}
  m_PrefabAsset: {fileID: 0}
  m_GameObject: {fileID: 5703729200776388045}
  m_Enabled: 1
  m_EditorHideFlags: 0
  m_Script: {fileID: 11500000, guid: a530cbf86dbe8ad45b158876f9bba6a7, type: 3}
  m_Name: 
  m_EditorClassIdentifier: 
--- !u!54 &1122752790500317052
Rigidbody:
  m_ObjectHideFlags: 0
  m_CorrespondingSourceObject: {fileID: 0}
  m_PrefabInstance: {fileID: 0}
  m_PrefabAsset: {fileID: 0}
  m_GameObject: {fileID: 5703729200776388045}
  serializedVersion: 2
  m_Mass: 1
  m_Drag: 0
  m_AngularDrag: 0.05
  m_UseGravity: 1
  m_IsKinematic: 0
  m_Interpolate: 0
  m_Constraints: 0
  m_CollisionDetection: 0
--- !u!136 &7853272338048132836
CapsuleCollider:
  m_ObjectHideFlags: 0
  m_CorrespondingSourceObject: {fileID: 0}
  m_PrefabInstance: {fileID: 0}
  m_PrefabAsset: {fileID: 0}
  m_GameObject: {fileID: 5703729200776388045}
  m_Material: {fileID: 0}
  m_IsTrigger: 0
  m_Enabled: 1
  m_Radius: 0.2583002
  m_Height: 1.9927144
  m_Direction: 1
  m_Center: {x: -0.016237259, y: 0.17343163, z: 0.16105884}
--- !u!1 &7106407851383474705
GameObject:
  m_ObjectHideFlags: 0
  m_CorrespondingSourceObject: {fileID: 0}
  m_PrefabInstance: {fileID: 0}
  m_PrefabAsset: {fileID: 0}
  serializedVersion: 6
  m_Component:
  - component: {fileID: 9133956247511298708}
  m_Layer: 0
  m_Name: gun
  m_TagString: Untagged
  m_Icon: {fileID: 0}
  m_NavMeshLayer: 0
  m_StaticEditorFlags: 0
  m_IsActive: 1
--- !u!4 &9133956247511298708
Transform:
  m_ObjectHideFlags: 0
  m_CorrespondingSourceObject: {fileID: 0}
  m_PrefabInstance: {fileID: 0}
  m_PrefabAsset: {fileID: 0}
  m_GameObject: {fileID: 7106407851383474705}
  m_LocalRotation: {x: 0.7071068, y: -0, z: -0, w: 0.7071068}
  m_LocalPosition: {x: 0.0017, y: 1.3916, z: 0.1643}
  m_LocalScale: {x: 1, y: 0.99999976, z: 0.99999976}
  m_Children: []
  m_Father: {fileID: 653205761936723259}
  m_RootOrder: 2
  m_LocalEulerAnglesHint: {x: 0, y: 0, z: 0}
--- !u!1 &7562342068186271262
GameObject:
  m_ObjectHideFlags: 0
  m_CorrespondingSourceObject: {fileID: 0}
  m_PrefabInstance: {fileID: 0}
  m_PrefabAsset: {fileID: 0}
  serializedVersion: 6
  m_Component:
  - component: {fileID: 5414192933714950607}
  m_Layer: 0
  m_Name: Model
  m_TagString: Untagged
  m_Icon: {fileID: 0}
  m_NavMeshLayer: 0
  m_StaticEditorFlags: 0
  m_IsActive: 1
--- !u!4 &5414192933714950607
Transform:
  m_ObjectHideFlags: 0
  m_CorrespondingSourceObject: {fileID: 0}
  m_PrefabInstance: {fileID: 0}
  m_PrefabAsset: {fileID: 0}
  m_GameObject: {fileID: 7562342068186271262}
  m_LocalRotation: {x: 0, y: 0, z: 0, w: 1}
  m_LocalPosition: {x: 0, y: 0, z: 0}
  m_LocalScale: {x: 1, y: 1, z: 1}
  m_Children:
  - {fileID: 8090389186604360386}
  m_Father: {fileID: 653205761936723259}
  m_RootOrder: 0
  m_LocalEulerAnglesHint: {x: 0, y: 0, z: 0}
--- !u!1001 &752389125083380993
PrefabInstance:
  m_ObjectHideFlags: 0
  serializedVersion: 2
  m_Modification:
    m_TransformParent: {fileID: 653205761936723259}
    m_Modifications:
    - target: {fileID: -4216859302048453862, guid: 9268c0c1e8277ec4f87e739928cbfb15,
        type: 3}
      propertyPath: m_LocalPosition.x
      value: 0
      objectReference: {fileID: 0}
    - target: {fileID: -4216859302048453862, guid: 9268c0c1e8277ec4f87e739928cbfb15,
        type: 3}
      propertyPath: m_LocalPosition.y
      value: 0.9822
      objectReference: {fileID: 0}
    - target: {fileID: -4216859302048453862, guid: 9268c0c1e8277ec4f87e739928cbfb15,
        type: 3}
      propertyPath: m_LocalPosition.z
      value: 0.1055
      objectReference: {fileID: 0}
    - target: {fileID: -4216859302048453862, guid: 9268c0c1e8277ec4f87e739928cbfb15,
        type: 3}
      propertyPath: m_LocalRotation.x
      value: 0
      objectReference: {fileID: 0}
    - target: {fileID: -4216859302048453862, guid: 9268c0c1e8277ec4f87e739928cbfb15,
        type: 3}
      propertyPath: m_LocalRotation.y
      value: 0.7071068
      objectReference: {fileID: 0}
    - target: {fileID: -4216859302048453862, guid: 9268c0c1e8277ec4f87e739928cbfb15,
        type: 3}
      propertyPath: m_LocalRotation.z
      value: 0.7071068
      objectReference: {fileID: 0}
    - target: {fileID: -4216859302048453862, guid: 9268c0c1e8277ec4f87e739928cbfb15,
        type: 3}
      propertyPath: m_LocalRotation.w
      value: 0
      objectReference: {fileID: 0}
    - target: {fileID: -4216859302048453862, guid: 9268c0c1e8277ec4f87e739928cbfb15,
        type: 3}
      propertyPath: m_RootOrder
      value: 1
      objectReference: {fileID: 0}
    - target: {fileID: -4216859302048453862, guid: 9268c0c1e8277ec4f87e739928cbfb15,
        type: 3}
      propertyPath: m_LocalEulerAnglesHint.x
      value: -90
      objectReference: {fileID: 0}
    - target: {fileID: -4216859302048453862, guid: 9268c0c1e8277ec4f87e739928cbfb15,
        type: 3}
      propertyPath: m_LocalEulerAnglesHint.y
      value: 180
      objectReference: {fileID: 0}
    - target: {fileID: -4216859302048453862, guid: 9268c0c1e8277ec4f87e739928cbfb15,
        type: 3}
      propertyPath: m_LocalEulerAnglesHint.z
      value: 0
      objectReference: {fileID: 0}
    - target: {fileID: -4216859302048453862, guid: 9268c0c1e8277ec4f87e739928cbfb15,
        type: 3}
      propertyPath: m_LocalScale.x
      value: 0.0022319355
      objectReference: {fileID: 0}
    - target: {fileID: -4216859302048453862, guid: 9268c0c1e8277ec4f87e739928cbfb15,
        type: 3}
      propertyPath: m_LocalScale.y
      value: 0.0022319355
      objectReference: {fileID: 0}
    - target: {fileID: -4216859302048453862, guid: 9268c0c1e8277ec4f87e739928cbfb15,
        type: 3}
      propertyPath: m_LocalScale.z
      value: 0.0022319355
      objectReference: {fileID: 0}
    - target: {fileID: -927199367670048503, guid: 9268c0c1e8277ec4f87e739928cbfb15,
        type: 3}
      propertyPath: m_Name
      value: AK
      objectReference: {fileID: 0}
    m_RemovedComponents: []
  m_SourcePrefab: {fileID: 100100000, guid: 9268c0c1e8277ec4f87e739928cbfb15, type: 3}
--- !u!4 &5695840916631164443 stripped
Transform:
  m_CorrespondingSourceObject: {fileID: -4216859302048453862, guid: 9268c0c1e8277ec4f87e739928cbfb15,
    type: 3}
  m_PrefabInstance: {fileID: 752389125083380993}
  m_PrefabAsset: {fileID: 0}
--- !u!1001 &3836049659171654104
PrefabInstance:
  m_ObjectHideFlags: 0
  serializedVersion: 2
  m_Modification:
    m_TransformParent: {fileID: 5414192933714950607}
    m_Modifications:
    - target: {fileID: -4216859302048453862, guid: a86117400c750b94aba0ef96da558364,
        type: 3}
      propertyPath: m_LocalPosition.x
      value: 0
      objectReference: {fileID: 0}
    - target: {fileID: -4216859302048453862, guid: a86117400c750b94aba0ef96da558364,
        type: 3}
      propertyPath: m_LocalPosition.y
      value: 0
      objectReference: {fileID: 0}
    - target: {fileID: -4216859302048453862, guid: a86117400c750b94aba0ef96da558364,
        type: 3}
      propertyPath: m_LocalPosition.z
      value: -0.035
      objectReference: {fileID: 0}
    - target: {fileID: -4216859302048453862, guid: a86117400c750b94aba0ef96da558364,
        type: 3}
      propertyPath: m_LocalRotation.x
      value: -0.0003273189
      objectReference: {fileID: 0}
    - target: {fileID: -4216859302048453862, guid: a86117400c750b94aba0ef96da558364,
        type: 3}
      propertyPath: m_LocalRotation.y
      value: 0.7071067
      objectReference: {fileID: 0}
    - target: {fileID: -4216859302048453862, guid: a86117400c750b94aba0ef96da558364,
        type: 3}
      propertyPath: m_LocalRotation.z
      value: 0.7071067
      objectReference: {fileID: 0}
    - target: {fileID: -4216859302048453862, guid: a86117400c750b94aba0ef96da558364,
        type: 3}
      propertyPath: m_LocalRotation.w
      value: 0.0003273189
      objectReference: {fileID: 0}
    - target: {fileID: -4216859302048453862, guid: a86117400c750b94aba0ef96da558364,
        type: 3}
      propertyPath: m_RootOrder
      value: 0
      objectReference: {fileID: 0}
    - target: {fileID: -4216859302048453862, guid: a86117400c750b94aba0ef96da558364,
        type: 3}
      propertyPath: m_LocalEulerAnglesHint.x
      value: -90
      objectReference: {fileID: 0}
    - target: {fileID: -4216859302048453862, guid: a86117400c750b94aba0ef96da558364,
        type: 3}
      propertyPath: m_LocalEulerAnglesHint.y
      value: 353.789
      objectReference: {fileID: 0}
    - target: {fileID: -4216859302048453862, guid: a86117400c750b94aba0ef96da558364,
        type: 3}
      propertyPath: m_LocalEulerAnglesHint.z
      value: -173.84201
      objectReference: {fileID: 0}
    - target: {fileID: -927199367670048503, guid: a86117400c750b94aba0ef96da558364,
        type: 3}
      propertyPath: m_Name
      value: swat@Prone Idle
      objectReference: {fileID: 0}
    m_RemovedComponents: []
  m_SourcePrefab: {fileID: 100100000, guid: a86117400c750b94aba0ef96da558364, type: 3}
--- !u!1 &5052352417507578065 stripped
GameObject:
  m_CorrespondingSourceObject: {fileID: -927199367670048503, guid: a86117400c750b94aba0ef96da558364,
    type: 3}
  m_PrefabInstance: {fileID: 3836049659171654104}
  m_PrefabAsset: {fileID: 0}
--- !u!4 &8090389186604360386 stripped
Transform:
  m_CorrespondingSourceObject: {fileID: -4216859302048453862, guid: a86117400c750b94aba0ef96da558364,
    type: 3}
  m_PrefabInstance: {fileID: 3836049659171654104}
  m_PrefabAsset: {fileID: 0}
